%%%%%%%%%%%%%%%%%%%%%%%%%%%%%%%%%
%                               %
%           Peri{\'o}dicos          %
%                               %
%%%%%%%%%%%%%%%%%%%%%%%%%%%%%%%%%



%%%%%%%%%%%%%%%%%%%%%%%%%%%%%%%%%
%                               %
%          Congressos           %
%                               %
%%%%%%%%%%%%%%%%%%%%%%%%%%%%%%%%%



%%%%%%%%%%%%%%%%%%%%%%%%%%%%%%%%%
%                               %
%            Livros             %
%                               %
%%%%%%%%%%%%%%%%%%%%%%%%%%%%%%%%%

@book{leo2012techniques,
  title={Techniques for nuclear and particle physics experiments: a how-to approach},
  author={Leo, William R},
  year={2012},
  publisher={Springer Science \& Business Media}
}

%%%%%%%%%%%%%%%%%%%%%%%%%%%%%%%%%
%                               %
%     Teses e Disserta{\c{c}}{\~o}es      %
%                               %
%%%%%%%%%%%%%%%%%%%%%%%%%%%%%%%%%

@phdthesis{dion2019,
    AUTHOR =       {Dion Barbosa dos Santos Ribiero},
    TITLE =        {Projeto Neutrinos Angra: o detector final},
    SCHOOL =       {Universidade Federal da Bahia},
    YEAR =         {2019},
}

%%%%%%%%%%%%%%%%%%%%%%%%%%%%%%%%%
%                               %
%     Padr{\~o}es e Normas          %
%                               %
%%%%%%%%%%%%%%%%%%%%%%%%%%%%%%%%%

@TECHREPORT{IEEE519,
  AUTHOR =       {IEEE-Std.519-1992},
  TITLE =        {Recommended Practice and Requirements for Harmonic Control
in Electric Power Systems},
  INSTITUTIon =  {IEEE},
  YEAR =         {1992},
}

@TECHREPORT{IEC 61000-3-6,
  AUTHOR =       {IEC 61000-3-6},
  TITLE =        {Electromagnetic Compatibility (EMC) - Part 3: Limits - Section 6:
Assessment of emission limits for distorting loads in MV and HV power systems},
  INSTITUTIon =  {IEC},
  YEAR =         {1996},
}
